
@INPROCEEDINGS{Hong99agroup,
    author = {Xiaoyan Hong and Mario Gerla and Guangyu Pei and Ching-chuan Chiang},
    title = {A group mobility model for ad hoc wireless networks},
    booktitle = {In Proceedings of ACM/IEEE 99},
    year = {1999},
    pages = {53--60}
}
